@article{worasan2020hybrid,
  title={Hybrid particle swarm optimization and neighborhood strategy search for scheduling machines and equipment and routing of tractors in sugarcane field preparation},
  author={Worasan, Kongkidakhon and Sethanan, Kanchana and Pitakaso, Rapeepan and Moonsri, Karn and Nitisiri, Krisanarach},
  journal={Computers and Electronics in Agriculture},
  volume={178},
  pages={105733},
  year={2020},
  publisher={Elsevier}
}

@article{kusoncum2021heuristics,
  title={Heuristics with novel approaches for cyclical multiple parallel machine scheduling in sugarcane unloading systems},
  author={Kusoncum, Chuleeporn and Sethanan, Kanchana and Pitakaso, Rapeepan and Hartl, Richard F},
  journal={International Journal of Production Research},
  volume={59},
  number={8},
  pages={2479--2497},
  year={2021},
  publisher={Taylor \& Francis}
}